@book{schneier2011secrets,
  title={Secrets and lies: digital security in a networked world},
  author={Schneier, Bruce},
  year={2011},
  publisher={John Wiley \& Sons}
}

@misc{aes2012ni,
  title = {{(AES-NI)} Intel Advanced Encryption Standard Instructions },
  howpublished = {\url{https://software.intel.com/en-us/articles/intel-advanced-encryption-standard-instructions-aes-ni}},
  author={Rott Jeffrey},
  year={2012},
  note = {Accessed: 2019-12-8}
}

@misc{chm2019mosfet,
  title = { MOSFET},
  howpublished = {\url{https://computerhistory.org/blog/13-sextillion-counting-the-long-winding-road-to-the-most-frequently-manufactured-human-artifact-in-history/?key=13-sextillion-counting-the-long-winding-road-to-the-most-frequently-manufactured-human-artifact-in-history}},
  author={Laws David},
  year={2018},
  note = {Accessed: 2019-12-8}
}

@misc{inteldie,
  title = {Intel Quad Core 45nm Processor Die},
  howpublished = {\url{https://www.intel.com/pressroom/kits/45nm/photos.htm}},
  author={Intel},
  note = {Accessed: 2019-12-9}
}

@misc{eater2019breadboard,
  title = {Building an 8-bit breadboard computer!},
  howpublished = {\url{https://www.youtube.com/playlist?list=PLowKtXNTBypGqImE405J2565dvjafglHU}},
  author={Eater Ben},
  year={2019},
  note = {Accessed: 2019-07-15}
}

@misc{eater2019highlevel,
  title = {8-bit Computer High Level Architecture Diagram},
  howpublished = {\url{https://eater.net/8bit/schematics}},
  author = {Eater Ben},
  year = {2019},
  note = {Accessed: 2019-12-13}
}

@misc{eater2019microcode,
  title = {Conditional jump instructions},
  howpublished = {\url{https://www.youtube.com/watch?v=Zg1NdPKoosU}},
  author = {Eater Ben},
  year = {2018},
  note = {Accessed: 2019-12-13}
}

@misc{arduino2020mega,
  title = {Arduino Mega Rev3},
  howpublished = {\url{https://store.arduino.cc/arduino-mega-2560-rev3}},
  author = {Arduino Foundation},
  note ={Accessed: 2020-03-16}
}

@book{coussy2008high,
  title={High-level synthesis: from algorithm to digital circuit},
  author={Coussy, Philippe and Morawiec, Adam},
  year={2008},
  publisher={Springer Science \& Business Media}
}

@book{mano2017digital,
  title={Digital logic and computer design},
  author={Mano, M Morris},
  year={2017},
  publisher={Pearson Education India}
}

@book{malvino1992digital,
  title={Digital computer electronics},
  author={Malvino, Albert Paul and Brown, Jerald A},
  year={1992},
  publisher={Glencoe}
}
