@misc{chm2019mosfet,
  title = { MOSFET},
  howpublished = {\url{https://computerhistory.org/blog/13-sextillion-counting-the-long-winding-road-to-the-most-frequently-manufactured-human-artifact-in-history/?key=13-sextillion-counting-the-long-winding-road-to-the-most-frequently-manufactured-human-artifact-in-history}},
  author={Laws David},
  year={2018},
  note = {Accessed: 2019-12-8}
}
